<?xml version="1.0" encoding="UTF-8"?><collection xmlns="http://www.loc.gov/MARC21/slim"><record><leader>00441nam--2200145-i-4500</leader><controlfield tag="001">000036430</controlfield><controlfield tag="002">20161230</controlfield><controlfield tag="005">20161230201040</controlfield><controlfield tag="008">060222s1000------------r-----000-0-eng-d</controlfield><datafield ind1=" " ind2=" " tag="080"><subfield code="a">681.5</subfield></datafield><datafield ind1=" " ind2=" " tag="100"><subfield code="a">Potkonjak, V. And Vukobratovic, M</subfield></datafield><datafield ind1=" " ind2=" " tag="245"><subfield code="a">Applied dynamics and cad of manipulation robots. with 187 figures</subfield></datafield><datafield ind1=" " ind2=" " tag="260"><subfield code="a">Berlin, Springer-verlag, 1985, Xii + 305p</subfield></datafield><datafield ind1=" " ind2=" " tag="490"><subfield code="a">Scientific Fundmentals Of Robotics, Vol.6</subfield></datafield><datafield ind1=" " ind2=" " tag="852"><subfield code="a">74233</subfield></datafield></record></collection>